@article{Stamatakis21012014,
  author={Stamatakis, Alexandros}, 
  title={{RAxML} version 8: a tool for phylogenetic analysis and post-analysis of large phylogenies},
  volume={30}, 
  number={9}, 
  pages={1312-1313}, 
  year={2014}, 
  doi={10.1093/bioinformatics/btu033}, 
  url={http://bioinformatics.oxfordjournals.org/content/30/9/1312.abstract}, 
  eprint={http://bioinformatics.oxfordjournals.org/content/30/9/1312.full.pdf+html}, 
  journal={Bioinformatics}
}

@article{Ronquist2012mrbayes,
   author={Ronquist, F. and Teslenko, M. and van der Mark, P. and Ayres, D. L. and Darling, A. and Hohna, S. and Larget, B. and Liu, L. and Suchard, M. A. and Huelsenbeck, J. P.},
   title={{M}r{B}ayes 3.2: efficient {B}ayesian phylogenetic inference and model choice across a large model space},
   journal={Systematic Biology},
   volume={61},
   number={3},
   pages={539-42},
   year={2012}
}

@article{RF1981,
   author={Robinson, D. F. and Foulds, L. R.},
   title={Comparison of phylogenetic trees},
   journal={Mathematical Biosciences},
   volume={53},
   number={1â€“2},
   pages={131-147},
   year={1981}
}

@inbook{dobson1975triplets,
  year={1975},
  isbn={978-3-540-07154-9},
  booktitle={Combinatorial Mathematics III},
  volume={452},
  series={Lecture Notes in Mathematics},
  editor={Street, Anne Penfold and Wallis, Walter Denis},
  doi={10.1007/BFb0069548},
  title={Comparing the shapes of trees},
  url={http://dx.doi.org/10.1007/BFb0069548},
  publisher={Springer Berlin Heidelberg},
  author={Dobson, Annette J.},
  pages={95-100}
}


@article{critchlowthe1996,
  title={The triples distance for rooted bifurcating phylogenetic trees},
  author={Critchlow, Douglas E and Pearl, Dennis K and Qian, Chunlin},
  journal={Systematic Biology},
  volume={45},
  number={3},
  pages={323-334},
  year={1996},
  publisher={Oxford University Press},
  doi={10.1093/sysbio/45.3.323},
  url={http://dx.doi.org/10.1093/sysbio/45.3.323}
}

@inbook{johnson1998,
  year={1998},
  isbn={978-0-412-11131-0},
  booktitle={Molecular Systematics of Plants II},
  editor={Soltis, DouglasE. and Soltis, PamelaS. and Doyle, JeffJ.},
  doi={10.1007/978-1-4615-5419-6_11},
  title={Assessing Congruence: Empirical Examples from Molecular Data},
  url={http://dx.doi.org/10.1007/978-1-4615-5419-6_11},
  publisher={Springer US},
  author={Johnson, LeighA. and Soltis, DouglasE.},
  pages={297-348}
}

@article{wiensmissing2003,
  author={Wiens, John J.}, 
  title={Missing Data, Incomplete Taxa, and Phylogenetic Accuracy},
  volume={52}, 
  number={4}, 
  pages={528-538}, 
  year={2003}, 
  doi={10.1080/10635150390218330}, 
  url={http://sysbio.oxfordjournals.org/content/52/4/528.abstract}, 
  eprint={http://sysbio.oxfordjournals.org/content/52/4/528.full.pdf+html}, 
  journal={Systematic Biology}
}

@article{Bogdanowicz2012,
   author={Bogdanowicz, Damian and Giaro, Krzysztof and Wr\'{o}bel, Borys},
   title={Tree{C}mp: Comparison of trees in polynomial time},
   journal={Evolutionary Bioinformatics},
   volume={8},
   pages={475-487},
   doi={10.4137/EBO.S9657},
   year={2012}
}

@article{Bhattacharyya,
    author={Bhattacharyya, A.},
     title={On a measure of divergence between two statistical populations defined by their probability distributions},
   journal={Bulletin of the Calcutta Mathematical Society},
    volume={35},
      year={1943},
     pages={99-109},
      issn={0008-0659},
   mrclass={62.0X},
  mrnumber={0010358 (6,7b)},
mrreviewer={R. L. Anderson}
}

@book{silverman1986density,
  title={Density Estimation for Statistics and Data Analysis},
  author={Silverman, B.W.},
  isbn={9780412246203},
  lccn={86021347},
  series={Chapman \& Hall/CRC Monographs on Statistics \& Applied Probability},
  url={http://books.google.ie/books?id=e-xsrjsL7WkC},
  year={1986},
  publisher={Taylor \& Francis}
}

@Book{MASS,
    title = {Modern Applied Statistics with S},
    author = {W. N. Venables and B. D. Ripley},
    publisher = {Springer},
    edition = {Fourth},
    address = {New York},
    year = {2002},
    note = {ISBN 0-387-95457-0},
}

@Manual{hdrcde,
   title={hdrcde: Highest density regions and conditional density estimation},
   author={Hyndman, Rob J. and Einbeck, Jochen and Wand, Matt},
   year={2013},
   note={R package version 3.1},
   url={http://CRAN.R-project.org/package=hdrcde}
}
