@article{bapsta2013,
  author={Bapst, David W.},
  title={A stochastic rate-calibrated method for time-scaling phylogenies of fossil taxa},
  journal={Methods in Ecology and Evolution},
  volume={4},
  number={8},
  issn={2041-210X},
  url={http://dx.doi.org/10.1111/2041-210X.12081},
  doi={10.1111/2041-210X.12081},
  pages={724-733},
  year={2013}
}

@article{beckancient2014,
  title={Ancient dates or accelerated rates? {M}orphological clocks and the antiquity of placental mammals.},
  author={Beck, Robin M and Lee, Michael S},
  journal={Proceedings of the Royal Society B: Biological Sciences},
  volume={281},
  number={20141278},
  year={2014},
  pages={1-10},
  doi={10.1098/rspb.2014.1278},
  url={http://dx.doi.org/10.1098/rspb.2014.1278}
}

@article{Bhattacharyya,
    author={Bhattacharyya, A.},
     title={On a measure of divergence between two statistical populations defined by their probability distributions},
   journal={Bulletin of the Calcutta Mathematical Society},
    volume={35},
      year={1943},
     pages={99-109},
      issn={0008-0659},
   mrclass={62.0X},
  mrnumber={0010358 (6,7b)},
mrreviewer={R. L. Anderson}
}

@article{Bogdanowicz2012,
   author={Bogdanowicz, Damian and Giaro, Krzysztof and Wr\'{o}bel, Borys},
   title={Tree{C}mp: Comparison of trees in polynomial time},
   journal={Evolutionary Bioinformatics},
   volume={8},
   pages={475-487},
   doi={10.4137/EBO.S9657},
   year={2012}
}

@phdthesis{chen2011,
   author={Chen, Wei-Chen},
   title={Overlapping codon model, phylogenetic clustering, and alternative partial expectation conditional maximization algorithm},
   university={Iowa State University},
   year={2011}
}

@article{critchlowthe1996,
  title={The triples distance for rooted bifurcating phylogenetic trees},
  author={Critchlow, Douglas E and Pearl, Dennis K and Qian, Chunlin},
  journal={Systematic Biology},
  volume={45},
  number={3},
  pages={323-334},
  year={1996},
  publisher={Oxford University Press},
  doi={10.1093/sysbio/45.3.323},
  url={http://dx.doi.org/10.1093/sysbio/45.3.323}
}

@article{davalosintegrating2014,
  author={D\'{a}valos, Liliana M. and Velazco, Pa\'{u}l M. and Warsi, Omar M. and Smits, Peter D. and Simmons, Nancy B.}, 
  title={Integrating Incomplete Fossils by Isolating Conflicting Signal in Saturated and Non-Independent Morphological Characters},
  volume={63}, 
  number={4}, 
  pages={582-600}, 
  year={2014}, 
  doi={10.1093/sysbio/syu022}, 
  url={http://sysbio.oxfordjournals.org/content/63/4/582.abstract}, 
  eprint={http://sysbio.oxfordjournals.org/content/63/4/582.full.pdf+html}, 
  journal={Systematic Biology}
}

@article{dietlconservation2011,
  title={Conservation paleobiology: putting the dead to work},
  journal={Trends in Ecology and Evolution},
  volume={26},
  number={1},
  pages={30-37},
  year={2011},
  issn={0169-5347},
  doi={http://dx.doi.org/10.1016/j.tree.2010.09.010},
  url={http://www.sciencedirect.com/science/article/pii/S0169534710002375},
  author={Gregory P. Dietl and Karl W. Flessa}
}

@inbook{dobson1975triplets,
  year={1975},
  isbn={978-3-540-07154-9},
  booktitle={Combinatorial Mathematics III},
  volume={452},
  series={Lecture Notes in Mathematics},
  editor={Street, Anne Penfold and Wallis, Walter Denis},
  doi={10.1007/BFb0069548},
  title={Comparing the shapes of trees},
  url={http://dx.doi.org/10.1007/BFb0069548},
  publisher={Springer Berlin Heidelberg},
  author={Dobson, Annette J.},
  pages={95-100}
}

@article{douadycomparison2003,
  title={Comparison of Bayesian and Maximum Likelihood bootstrap measures of phylogenetic reliability.},
  author={Douady, Christophe and Delsuc, Fr\'{e}d\'{e}ric and Boucher, Yan and Doolittle, W and Douzery, Emmanuel},
  journal={Molecular Biology and Evolution},
  volume={20},
  number={2},
  pages={248-254},
  year={2003},
  doi={10.1093/molbev/msg042},
  url={http://dx.doi.org/10.1093/molbev/msg042}
}

@article{drummond2006ess,
   author={Drummond, A. J. and Ho, S. Y. and Phillips, M. J. and Rambaut, A.},
    journal={PLoS Biology},
    publisher={Public Library of Science},
    title={Relaxed Phylogenetics and Dating with Confidence},
    year={2006},
    month={03},
    volume={4},
    url={http://dx.doi.org/10.1371%2Fjournal.pbio.0040088},
    pages={e88},
    number={5},
    doi={10.1371/journal.pbio.0040088}
}

@article{eernissetaxonomic1993,
  title={Taxonomic congruence versus total evidence, and amniote phylogeny inferred from fossils, molecules, and morphology.},
  author={Eernisse, D. and Kluge, A.},
  journal={Molecular Biology and Evolution},
  volume={10},
  number={6},
  pages={1170-1195},
  year={1993},
}
  
@article{fitzjohndiversitree2012,
  author={FitzJohn, Richard G.},
  title={Diversitree: comparative phylogenetic analyses of diversification in {R}},
  journal={Methods in Ecology and Evolution},
  volume={3},
  number={6},
  publisher={Blackwell Publishing Ltd},
  issn={2041-210X},
  url={http://dx.doi.org/10.1111/j.2041-210X.2012.00234.x},
  doi={10.1111/j.2041-210X.2012.00234.x},
  pages={1084-1092},
  keywords={birth–death process, comparative methods, extinction, macroevolution, speciation},
  year={2012}
}

@article{friedmanexplosive2010,
  title={Explosive morphological diversification of spiny-finned teleost fishes in the aftermath of the end-{C}retaceous extinction},
  author={Friedman, Matt},
  journal={Proceedings of the Royal Society B: Biological Sciences},
  volume={277},
  number={1688},
  pages={1675-1683},
  year={2010},
  doi={10.1098/rspb.2009.2177},
  url={http://dx.doi.org/10.1098/rspb.2009.2177}
}

@article{fritzdiversity2013,
  title={Diversity in time and space: wanted dead and alive},
  journal={Trends in Ecology and Evolution},
  volume={28},
  number={9},
  pages={509 - 516},
  year={2013},
  issn={0169-5347},
  doi={http://dx.doi.org/10.1016/j.tree.2013.05.004},
  url={http://www.sciencedirect.com/science/article/pii/S0169534713001110},
  author={Susanne A. Fritz and Jan Schnitzler and Jussi T. Eronen and Christian Hof and Katrin Böhning-Gaese and Catherine H. Graham}
}

@article{HKY85,
   author={Hasegawa, M. and Kishino, H. and Yano, T. A.},
   title={Dating of the Human Ape Splitting by a Molecular Clock of Mitochondrial-{D}{N}{A}},
   journal={Journal of Molecular Evolution},
   volume={22},
   number={2},
   pages={160-174},
   year={1985}
}

@article{heaththe2013,
	author = {Heath, Tracy A. and Huelsenbeck, John P. and Stadler, Tanja}, 
	title = {The fossilized birth–death process for coherent calibration of divergence-time estimates},
	volume = {111}, 
	number = {29}, 
	pages = {E2957-E2966}, 
	year = {2014}, 
	doi = {10.1073/pnas.1319091111}, 
	URL = {http://www.pnas.org/content/111/29/E2957.abstract}, 
	eprint = {http://www.pnas.org/content/111/29/E2957.full.pdf+html}, 
	journal = {Proceedings of the National Academy of Sciences} 
}

@Manual{hdrcde,
   title={hdrcde: Highest density regions and conditional density estimation},
   author={Hyndman, Rob J. and Einbeck, Jochen and Wand, Matt},
   year={2013},
   note={R package version 3.1},
   url={http://CRAN.R-project.org/package=hdrcde}
}

@article{jacksonwhat2006,
  title={What can we learn about ecology and evolution from the fossil record?},
  author={Jackson, Jeremy and Erwin, Douglas},
  journal={Trends in Ecology and Evolution},
  volume={21},
  number={6},
  pages={322-328},
  year={2006},
  doi={10.1016/j.tree.2006.03.017},
  url={http://dx.doi.org/10.1016/j.tree.2006.03.017}
}

@article{jetzthe2012,
  title={The global diversity of birds in space and time.},
  author={Jetz, W and Thomas, G and Joy, J and Hartmann, K and Mooers, A},
  journal={Nature},
  volume={491},
  number={7424},
  pages={444-448},
  year={2012},
  doi={10.1038/nature11631},
  url={http://dx.doi.org/10.1038/nature11631}
}

@inbook{johnson1998,
  year={1998},
  isbn={978-0-412-11131-0},
  booktitle={Molecular Systematics of Plants II},
  editor={Soltis, DouglasE. and Soltis, PamelaS. and Doyle, JeffJ.},
  doi={10.1007/978-1-4615-5419-6_11},
  title={Assessing Congruence: Empirical Examples from Molecular Data},
  url={http://dx.doi.org/10.1007/978-1-4615-5419-6_11},
  publisher={Springer US},
  author={Johnson, LeighA. and Soltis, DouglasE.},
  pages={297-348}
}

@article{kearneyfragmentary2002,
  title={Fragmentary taxa, missing data, and ambiguity: mistaken assumptions and conclusions.},
  author={Kearney, Maureen},
  journal={Systematic Biology},
  volume={51},
  number={2},
  pages={369-381},
  year={2002},
  doi={10.1080/10635150252899824},
  url={http://dx.doi.org/10.1080/10635150252899824}
}

@article{kellymolecular2014,
    author={Kelly, Se\'{a}n B. A. and Kelly, David J. and Cooper, Natalie and Bahrun, Andi and Analuddin, Kangkuso and Marples, Nicola M.},
    journal={PLoS ONE},
    publisher={Public Library of Science},
    title={Molecular and Phenotypic Data Support the Recognition of the {W}akatobi Flowerpecker (\textit{Dicaeum kuehni}) from the Unique and Understudied {S}ulawesi Region},
    year={2014},
    month={06},
    volume={9},
    url={http://dx.doi.org/10.1371%2Fjournal.pone.0098694},
    pages={e98694},
    number={6},
    doi={10.1371/journal.pone.0098694}
}

@article{lewisa2001,
  title={A likelihood approach to estimating phylogeny from discrete morphological character data.},
  author={Lewis, P.},
  journal={Systematic Biology},
  volume={50},
  number={6},
  pages={913-925},
  year={2001},
  doi={10.1080/106351501753462876},
  url={http://dx.doi.org/10.1080/106351501753462876}
}

@article{manosphylogeny2007,
  title={Phylogeny of extant and fossil {J}uglandaceae inferred from the integration of molecular and morphological data sets.},
  author={Manos, Paul and Soltis, Pamela and Soltis, Douglas and Manchester, Steven and Oh, {Sang-Hun} and Bell, Charles and Dilcher, David and Stone, Donald},
  journal={Systematic Biology},
  volume={56},
  number={3},
  pages={412-430},
  year={2007},
  doi={10.1080/10635150701408523},
  url={http://dx.doi.org/10.1080/10635150701408523}
}

@Misc{BEASTmaster,
  title={BEASTmasteR: Automated conversion of NEXUS data to BEAST2 XML format, for fossil tip-dating and other uses.},
  author={Matzke, Nicholas J},
  howpublished={\url{http://phylo.wikidot.com/beastmaster}},
  year={2014},
  url={http://phylo.wikidot.com/beastmaster}
}

@article{meredithimpacts2011,
  title={Impacts of the {C}retaceous terrestrial revolution and {KPg} extinction on mammal diversification.},
  author={Meredith, Robert and Jane\v{c}ka, Jan and Gatesy, John and Ryder, Oliver and Fisher, Colleen and Teeling, Emma and Goodbla, Alisha and Eizirik, Eduardo and Sim\~{a}o, Taiz L and Stadler, Tanja and Rabosky, Daniel and Honeycutt, Rodney and Flynn, John and Ingram, Colleen and Steiner, Cynthia and Williams, Tiffani and Robinson, Terence and {Burk-Herrick,} Angela and Westerman, Michael and Ayoub, Nadia and Springer, Mark and Murphy, William},
  journal={Science},
  volume={334},
  number={6055},
  pages={521-524},
  year={2011},
  doi={10.1126/science.1211028},
  url={http://dx.doi.org/10.1126/science.1211028}
}

@article{nithe2013,
  title={The oldest known primate skeleton and early haplorhine evolution.},
  author={Ni, Xijun and Gebo, Daniel and Dagosto, Marian and Meng, Jin and Tafforeau, Paul and Flynn, John and Beard, K},
  journal={Nature},
  volume={498},
  number={7452},
  pages={60-64},
  year={2013},
  doi={10.1038/nature12200},
  url={http://dx.doi.org/10.1038/nature12200}
}

@book{novacek1992ext,
   author = {Novacek, Michael J and Wheeler, Quentin},
   title = {Extinction and phylogeny},
   publisher = {Columbia University Press},
   year = {1992}
}

@article{O'Leary08022013,
  author={O'Leary, Maureen A. and Bloch, Jonathan I. and Flynn, John J. and Gaudin, Timothy J. and Giallombardo, Andres and Giannini, Norberto P. and Goldberg, Suzann L. and Kraatz, Brian P. and Luo, Zhe-Xi and Meng, Jin and Ni, Xijun and Novacek, Michael J. and Perini, Fernando A. and Randall, Zachary S. and Rougier, Guillermo W. and Sargis, Eric J. and Silcox, Mary T. and Simmons, Nancy B. and Spaulding, Michelle and Velazco, Paúl M. and Weksler, Marcelo and Wible, John R. and Cirranello, Andrea L.}, 
  title={The placental mammal ancestor and the post–{K}-{P}g radiation of placentals},
  volume={339}, 
  number={6120}, 
  pages={662-667}, 
  year={2013}, 
  doi={10.1126/science.1229237}, 
  url={http://www.sciencemag.org/content/339/6120/662.abstract}, 
  eprint={http://www.sciencemag.org/content/339/6120/662.full.pdf}, 
  journal={Science}
}

@article{morphobank,
  author={O'Leary, Maureen A. and Kaufman, Seth},
  title={MorphoBank: phylophenomics in the cloud},
  journal={Cladistics},
  volume={27},
  number={5},
  publisher={Blackwell Publishing Ltd},
  issn={1096-0031},
  url={http://dx.doi.org/10.1111/j.1096-0031.2011.00355.x},
  doi={10.1111/j.1096-0031.2011.00355.x},
  pages={529-537},
  year={2011}
}

@article{Pagel22011994,
  author={Pagel, Mark}, 
  title={Detecting correlated evolution on phylogenies: a general method for the comparative analysis of discrete characters},
  volume={255}, 
  number={1342}, 
  pages={37-45}, 
  year={1994}, 
  doi={10.1098/rspb.1994.0006}, 
  url={http://rspb.royalsocietypublishing.org/content/255/1342/37.abstract}, 
  eprint={http://rspb.royalsocietypublishing.org/content/255/1342/37.full.pdf+html}, 
  journal={Proceedings of the Royal Society of London. Series B: Biological Sciences}
}

@article{paradistime-dependent2011,
  title={Time-dependent speciation and extinction from phylogenies: a least squares approach.},
  author={Paradis, Emmanuel},
  journal={Evolution},
  volume={65},
  number={3},
  pages={661-672},
  year={2011},
  doi={10.1111/j.1558-5646.2010.01179.x},
  url={http://dx.doi.org/10.1111/j.1558-5646.2010.01179.x}
}

@article{paradisape:2004,
  title={{APE:} Analyses of Phylogenetics and Evolution in {R} language.},
  author={Paradis, Emmanuel and Claude, Julien and Strimmer, Korbinian},
  journal={Bioinformatics},
  volume={20},
  number={2},
  pages={289-290},
  year={2004},
}

@article{pattengale2010many,
  title={How many bootstrap replicates are necessary?},
  author={Pattengale, Nicholas D and Alipour, Masoud and Bininda-Emonds, Olaf RP and Moret, Bernard ME and Stamatakis, Alexandros},
  journal={Journal of Computational Biology},
  volume={17},
  number={3},
  pages={337-354},
  year={2010},
  publisher={Mary Ann Liebert, Inc. 140 Huguenot Street, 3rd Floor New Rochelle, NY 10801 USA}
}

@article{pattinsonphylogeny2014,
	author = {Pattinson, David J. and Thompson, Richard S. and Piotrowski, Aleks K. and Asher, Robert J.}, 
	title = {Phylogeny, Paleontology, and Primates: Do Incomplete Fossils Bias the Tree of Life?},
	year = {2014}, 
	pages={1-18},
	doi = {10.1093/sysbio/syu077}, 
	URL = {http://sysbio.oxfordjournals.org/content/early/2015/01/12/sysbio.syu077.abstract}, 
	eprint = {http://sysbio.oxfordjournals.org/content/early/2015/01/12/sysbio.syu077.full.pdf+html}, 
	journal = {Systematic Biology} 
}


@article{pearmanniche2008,
  title={Niche dynamics in space and time.},
  author={Pearman, Peter and Guisan, Antoine and Broennimann, Olivier and Randin, Christophe},
  journal={Trends in Ecology and Evolution},
  volume={23},
  number={3},
  pages={149-158},
  year={2008},
  abstract={Niche conservatism, the tendency of a species niche to remain unchanged over time, is often assumed when discussing, explaining or predicting biogeographical patterns. Unfortunately, there has been no basis for predicting niche dynamics over relevant timescales, from tens to a few hundreds of years. The recent application of species distribution models {(SDMs)} and phylogenetic methods to analysis of niche characteristics has provided insight to niche dynamics. Niche shifts and conservatism have both occurred within the last 100 years, with recent speciation events, and deep within clades of species. There is increasing evidence that coordinated application of these methods can help to identify species which likely fulfill one key assumption in the predictive application of {SDMs:} an unchanging niche. This will improve confidence in {SDM-based} predictions of the impacts of climate change and species invasions on species distributions and biodiversity.},
  doi={10.1016/j.tree.2007.11.005},
  url={http://dx.doi.org/10.1016/j.tree.2007.11.005}
}

@article{pyrondivergence2011,
  title={Divergence time estimation using fossils as terminal taxa and the origins of {L}issamphibia.},
  author={Pyron, R},
  journal={Systematic Biology},
  volume={60},
  number={4},
  pages={466-481},
  year={2011},
  doi={10.1093/sysbio/syr047},
  url={http://dx.doi.org/10.1093/sysbio/syr047}
}

@article{quentaldiversity2010,
  title={Diversity dynamics: molecular phylogenies need the fossil record.},
  author={Quental, Tiago and Marshall, Charles},
  journal={Trends in Ecology and Evolution},
  volume={25},
  number={8},
  pages={434-441},
  year={2010},
  doi={10.1016/j.tree.2010.05.002},
  url={http://dx.doi.org/10.1016/j.tree.2010.05.002}
}

@Manual{R302,
  title={R: a language and environment for statistical computing},
  author={{R Core Team}},
  organization={R Foundation for Statistical Computing},
  address={Vienna, Austria},
  year={2014},
  url={http://www.R-project.org}
}

@article{ranbaut1997seqgen,
   author={Rambaut, A. and Grassly, N. C.},
   title={{S}eq-{G}en: an application for the {M}onte {C}arlo simulation of {DNA} sequence evolution along phylogenetic trees},
   journal={Computer Application in the Biosciences},
   volume={13},
   number={3},
   pages={235-8},
   year={1997}
}

@article{raup1993extinction,
  title={Extintion: bad genes or bad luck?},
  author={Raup, David M.},
  journal={Acta Geol\'{o}gica Hisp\'{a}nica},
  volume={16},
  number={1},
  pages={25-33},
  year={1981}
}

@article{RF1981,
   author={Robinson, D. F. and Foulds, L. R.},
   title={Comparison of phylogenetic trees},
   journal={Mathematical Biosciences},
   volume={53},
   number={1–2},
   pages={131-147},
   year={1981}
}

@article{ronquista2012,
  title={A total-evidence approach to dating with fossils, applied to the early radiation of the {H}ymenoptera.},
  author={Ronquist, Fredrik and Klopfstein, Seraina and Vilhelmsen, Lars and Schulmeister, Susanne and Murray, Debra and Rasnitsyn, Alexandr},
  journal={Systematic Biology},
  volume={61},
  number={6},
  pages={973-999},
  year={2012},
  doi={10.1093/sysbio/sys058},
  url={http://dx.doi.org/10.1093/sysbio/sys058}
}

@article{Ronquist2012mrbayes,
   author={Ronquist, F. and Teslenko, M. and van der Mark, P. and Ayres, D. L. and Darling, A. and Hohna, S. and Larget, B. and Liu, L. and Suchard, M. A. and Huelsenbeck, J. P.},
   title={{M}r{B}ayes 3.2: efficient {B}ayesian phylogenetic inference and model choice across a large model space},
   journal={Systematic Biology},
   volume={61},
   number={3},
   pages={539-42},
   year={2012}
}

@article{rouresite-specific2011,
  author={Roure, B'{e}atrice and Philippe, Herv'{e}},
  title={Site-specific time heterogeneity of the substitution process and its impact on phylogenetic inference},
  journal={BMC Evolutionary Biology},
  year={2011},
  number={1},
  volume={11},
  pages={17},
  url={http://www.biomedcentral.com/1471-2148/11/17},
  DOI={10.1186/1471-2148-11-17},
  PubMedID={21235782},
  ISSN={1471-2148},
}


@article{rozen2005,
   author={Rozen, D. E. and Schneider, D. and Lenski, R. E.},
   title={Long-term experimental evolution in \textit{Escherichia coli}. {XIII}. {P}hylogenetic history of a balanced polymorphism},
   journal={Journal of Molecular Evolution},
   volume={61},
   number={2},
   pages={171-80},
   year={2005}
}

@article{salamin2003,
   author={Salamin, Nicolas and Chase, Mark W and Hodkinson, Trevor R and Savolainen, Vincent},
   title={Assessing internal support with large phylogenetic {DNA} matrices},
   journal={Molecular Phylogenetics and Evolution},
   volume={27},
   number={3},
   pages={528-539},
   year={2003}
}

@article{sallam2011craniodental,
  title={Craniodental morphology and systematics of a new family of hystricognathous rodents ({G}audeamuridae) from the {L}ate {E}ocene and {E}arly {O}ligocene of {E}gypt},
  author={Sallam, Hesham M and Seiffert, Erik R and Simons, Elwyn L},
  journal={PloS ONE},
  volume={6},
  number={2},
  pages={e16525},
  year={2011},
  publisher={Public Library of Science}
}

@article{sansomfossilization2013,
  author={Sansom, Robert S. and Wills, Matthew A.},
  date={2013/08/29/online},
  journal={Scientific Reports},
  publisher={Macmillan Publishers Limited. All rights reserved},
  title={Fossilization causes organisms to appear erroneously primitive by distorting evolutionary trees},
  pages={1-5},
  url={http://dx.doi.org/10.1038/srep02545},
  volume={3},
  year={2013},
}

@article{schragocombining2013,
  title={Combining fossil and molecular data to date the diversification of {N}ew {W}orld {P}rimates.},
  author={Schrago, C and Mello, B and Soares, A},
  journal={Journal of Evolutionary Biology},
  volume={26},
  number={11},
  pages={2438-2446},
  year={2013},
  doi={10.1111/jeb.12237},
  url={http://dx.doi.org/10.1111/jeb.12237}
}

@book{simpson1945,
  title={Tempo and Mode in Evolution},
  author={Simpson, G.G.},
  isbn={9780231058476},
  lccn={83023132},
  series={Columbia University Biological Series},
  url={http://books.google.ie/books?id=f5qucNebo-kC},
  year={1944},
  publisher={Columbia University Press}
}


@article{slaterphylogenetic2013,
  author={Slater, Graham J.},
  title={Phylogenetic evidence for a shift in the mode of mammalian body size evolution at the Cretaceous-Palaeogene boundary},
  journal={Methods in Ecology and Evolution},
  volume={4},
  number={8},
  issn={2041-210X},
  url={http://dx.doi.org/10.1111/2041-210X.12084},
  doi={10.1111/2041-210X.12084},
  pages={734-744},
  year={2013}
}

@article{slaterunifying2013,
  author={Slater, Graham J. and Harmon, Luke J.},
  title={Unifying fossils and phylogenies for comparative analyses of diversification and trait evolution},
  journal={Methods in Ecology and Evolution},
  volume={4},
  number={8},
  issn={2041-210X},
  url={http://dx.doi.org/10.1111/2041-210X.12091},
  doi={10.1111/2041-210X.12091},
  pages={699-702},
  year={2013}
}


@article{spencerefficacy2013,
  author={Spencer, Marc R. and Wilberg, Eric W.},
  title={Efficacy or convenience? {M}odel-based approaches to phylogeny estimation using morphological data},
  journal={Cladistics},
  volume={29},
  number={6},
  issn={1096-0031},
  url={http://dx.doi.org/10.1111/cla.12018},
  doi={10.1111/cla.12018},
  pages={663-671},
  year={2013}
}

@article{springermacroevolutionary2012,
    author={Springer, Mark S. and Meredith, Robert W. and Gatesy, John and Emerling, Christopher A. and Park, Jong and Rabosky, Daniel L. and Stadler, Tanja and Steiner, Cynthia and Ryder, Oliver A. and Janečka, Jan E. and Fisher, Colleen A. and Murphy, William J.},
    journal={PLoS ONE},
    publisher={Public Library of Science},
    title={Macroevolutionary Dynamics and Historical Biogeography of Primate Diversification Inferred from a Species Supermatrix},
    year={2012},
    month={11},
    volume={7},
    url={http://dx.doi.org/10.1371%2Fjournal.pone.0049521},
    pages={e49521},
    number={11},
    doi={10.1371/journal.pone.0049521}
}       

@article{stadlerdating2013,
  author={Stadler, Tanja and Yang, Ziheng}, 
  title={Dating Phylogenies with Sequentially Sampled Tips},
  volume={62}, 
  number={5}, 
  pages={674-688}, 
  year={2013}, 
  doi={10.1093/sysbio/syt030}, 
  url={http://sysbio.oxfordjournals.org/content/62/5/674.abstract}, 
  eprint={http://sysbio.oxfordjournals.org/content/62/5/674.full.pdf+html}, 
  journal={Systematic Biology}
}

@article{Stamatakis21012014,
  author={Stamatakis, Alexandros}, 
  title={{RAxML} version 8: a tool for phylogenetic analysis and post-analysis of large phylogenies},
  volume={30}, 
  number={9}, 
  pages={1312-1313}, 
  year={2014}, 
  doi={10.1093/bioinformatics/btu033}, 
  url={http://bioinformatics.oxfordjournals.org/content/30/9/1312.abstract}, 
  eprint={http://bioinformatics.oxfordjournals.org/content/30/9/1312.full.pdf+html}, 
  journal={Bioinformatics}
}

@article{tavare1986,
  title={Some probabilistic and statistical problems in the analysis of DNA sequences},
  author={Tavar{\'e}, Simon},
  journal={Lectures on mathematics in the life sciences},
  volume={17},
  pages={57-86},
  year={1986}
}

@article {wagner2000,
  author={Wagner, Peter J.},
  title={Exhaustion of morphologic character states among fossil taxa},
  journal={Evolution},
  volume={54},
  number={2},
  publisher={Blackwell Publishing Ltd},
  issn={1558-5646},
  url={http://dx.doi.org/10.1111/j.0014-3820.2000.tb00040.x},
  doi={10.1111/j.0014-3820.2000.tb00040.x},
  pages={365-386},
  year={2000}
}

@article{wiensmissing2003,
  author={Wiens, John J.}, 
  title={Missing Data, Incomplete Taxa, and Phylogenetic Accuracy},
  volume={52}, 
  number={4}, 
  pages={528-538}, 
  year={2003}, 
  doi={10.1080/10635150390218330}, 
  url={http://sysbio.oxfordjournals.org/content/52/4/528.abstract}, 
  eprint={http://sysbio.oxfordjournals.org/content/52/4/528.full.pdf+html}, 
  journal={Systematic Biology}
}

@article{wiensmissing2006,
  title={Missing data and the design of phylogenetic analyses},
  journal={Journal of Biomedical Informatics},
  volume={39},
  number={1},
  pages={34-42},
  year={2006},
  issn={1532-0464},
  doi={http://dx.doi.org/10.1016/j.jbi.2005.04.001},
  url={http://www.sciencedirect.com/science/article/pii/S1532046405000341},
  author={Wiens, John J.},
  doi={10.1016/j.jbi.2005.04.001},
  url={http://dx.doi.org/10.1016/j.jbi.2005.04.001}
}

@article{wiensmissing2008,
  title={Missing data and the accuracy of {B}ayesian phylogenetics},
  author={Wiens, John J. and Moen, Daniel S.},
  journal={Journal of Systematic Evolution},
  volume={46},
  number={3},
  pages={307-314},
  year={2008}
}

@article{wrightbayesian2014,
    author={Wright, April M. and Hillis, David M.},
    journal={PLoS ONE},
    publisher={Public Library of Science},
    title={Bayesian Analysis Using a Simple Likelihood Model Outperforms Parsimony for Estimation of Phylogeny from Discrete Morphological Data},
    year={2014},
    month={10},
    volume={9},
    url={http://dx.doi.org/10.1371%2Fjournal.pone.0109210},
    pages={e109210},
    number={10},
    doi={10.1371/journal.pone.0109210}
}

@article{yangamong-site1996,
  title={Among-site rate variation and its impact on phylogenetic analyses.},
  author={Yang, Z},
  journal={Trends in Ecology and Evolution},
  volume={11},
  number={9},
  pages={367-372},
  year={1996},
  doi={10.1016/0169-5347(96)10041-0},
  url={http://dx.doi.org/10.1016/0169-5347(96)10041-0}
}

@article{zanderminimal2004,
  title={Minimal values for reliability of bootstrap and jackknife proportions, decay index, and {B}ayesian posterior probability},
  author={Zander, Richard H},
  journal={Phyloinformatics},
  volume={2},
  pages={1-13},
  year={2004}
}

@article{zuckerkandl1965,
   author={Zuckerkandl, Emile and Pauling, Linus},
   title={Molecules as documents of evolutionary history},
   journal={Journal of Theoretical Biology},
   volume={8},
   number={2},
   pages={357-366},
   year={1965}
}

@article{Sanderson22072011,
	author = {Sanderson, Michael J. and McMahon, Michelle M. and Steel, Mike}, 
	title = {Terraces in Phylogenetic Tree Space},
	volume = {333}, 
	number = {6041}, 
	pages = {448-450}, 
	year = {2011}, 
	doi = {10.1126/science.1206357}, 
	URL = {http://www.sciencemag.org/content/333/6041/448.abstract}, 
	eprint = {http://www.sciencemag.org/content/333/6041/448.full.pdf}, 
	journal = {Science} 
}

@article{lemmonthe2009,
  title={The effect of ambiguous data on phylogenetic estimates obtained by maximum likelihood and Bayesian inference.},
  author={Lemmon, Alan and Brown, Jeremy and {Stanger-Hall,} Kathrin and Lemmon, Emily},
  journal={Systematic Biology},
  volume={58},
  number={1},
  pages={130-145},
  year={2009},
  doi={10.1093/sysbio/syp017},
  url={http://dx.doi.org/10.1093/sysbio/syp017}
}

@article{Stamatakis01102008,
	author = {Stamatakis, Alexandros and Hoover, Paul and Rougemont, Jacques}, 
	title = {A Rapid Bootstrap Algorithm for the RAxML Web Servers},
	volume = {57}, 
	number = {5}, 
	pages = {758-771}, 
	year = {2008}, 
	doi = {10.1080/10635150802429642}, 
	URL = {http://sysbio.oxfordjournals.org/content/57/5/758.abstract}, 
	eprint = {http://sysbio.oxfordjournals.org/content/57/5/758.full.pdf+html}, 
	journal = {Systematic Biology} 
}

@article{Kuhner04112014,
	author = {Kuhner, Mary K. and Yamato, Jon}, 
	title = {Practical Performance of Tree Comparison Metrics},
	year = {2014}, 
	doi = {10.1093/sysbio/syu085}, 
	URL = {http://sysbio.oxfordjournals.org/content/early/2014/12/08/sysbio.syu085.abstract}, 
	eprint = {http://sysbio.oxfordjournals.org/content/early/2014/12/08/sysbio.syu085.full.pdf+html}, 
	journal = {Systematic Biology} 
}


@article{Price2010,
    author = {Price, Morgan N. AND Dehal, Paramvir S. AND Arkin, Adam P.},
    journal = {PLoS ONE},
    publisher = {Public Library of Science},
    title = {FastTree 2 – Approximately Maximum-Likelihood Trees for Large Alignments},
    year = {2010},
    month = {03},
    volume = {5},
    url = {http://dx.doi.org/10.1371%2Fjournal.pone.0009490},
    pages = {e9490},
    number = {3},
    doi = {10.1371/journal.pone.0009490}
}        

@article{Nylander01022004,
	author = {Nylander, Johan A. A. and Ronquist, Fredrik and Huelsenbeck, John P. and Nieves-Aldrey, Joséluis}, 
	title = {Bayesian Phylogenetic Analysis of Combined Data},
	volume = {53}, 
	number = {1}, 
	pages = {47-67}, 
	year = {2004}, 
	doi = {10.1080/10635150490264699}, 
	journal = {Systematic Biology} 
}

@book{felsenstein2004,
  title={Inferring phylogenies},
  author={Felsenstein, Joseph},
  year={2004},
  publisher={Sunderland, Massachusetts: Sinauer Associate}
}

@book{Hennig1966,
	title={Phylogenetic Systematics},
	author={Hennig, W.},
	year={1966},
	publisher={University of Illinos Press, Urbana}
}

@article{Wiens01102005,
	author = {Wiens, John J. and Fetzner, James W. and Parkinson, Christopher L. and Reeder, Tod W.}, 
	title = {Hylid Frog Phylogeny and Sampling Strategies for Speciose Clades},
	volume = {54}, 
	number = {5}, 
	pages = {778-807}, 
	year = {2005}, 
	doi = {10.1080/10635150500234625}, 
	journal = {Systematic Biology} 
}

@article {EstoupHomoplasy,
	author = {Estoup, Arnaud and Jarne, Philippe and Cornuet, Jean-Marie},
	title = {Homoplasy and mutation model at microsatellite loci and their consequences for population genetics analysis},
	journal = {Molecular Ecology},
	volume = {11},
	number = {9},
	publisher = {Blackwell Science Ltd},
	issn = {1365-294X},
	doi = {10.1046/j.1365-294X.2002.01576.x},
	pages = {1591--1604},
	keywords = {Electromorph, homoplasy, microsatellites, mutation models, population genetics },
	year = {2002},
}

@article{Hassanin1998611,
	title = "The ‘evolutionary signal’ of homoplasy in proteincoding gene sequences and its consequences for a priori weighting in phylogeny ",
	journal = "Comptes Rendus de l'Académie des Sciences - Series \{III\} - Sciences de la Vie ",
	volume = "321",
	number = "7",
	pages = "611 - 620",
	year = "1998",
	issn = "0764-4469",
	doi = "http://dx.doi.org/10.1016/S0764-4469(98)80464-2",
	author = "Alexandre Hassanin and Guillaume Lecointre and Simon Tillier",
}

@article{FritzTree,
	author = {Fritz, Susanne A. and Bininda-Emonds, Olaf R. P. and Purvis, Andy},
	title = {Geographical variation in predictors of mammalian extinction risk: big is bad, but only in the tropics},
	journal = {Ecology Letters},
	volume = {12},
	number = {6},
	publisher = {Blackwell Publishing Ltd},
	issn = {1461-0248},
	url = {http://dx.doi.org/10.1111/j.1461-0248.2009.01307.x},
	doi = {10.1111/j.1461-0248.2009.01307.x},
	pages = {538--549},
	keywords = {Anthropogenic impact, body mass, conservation, geographical range size, life history, phylogenetic generalized linear model, population density, spatial autoregressive model, supertree},
	year = {2009}
}

@article {healy2014,
	author = {Healy, Kevin and Guillerme, Thomas and Finlay, Sive and Kane, Adam and Kelly, Se{\'a}n B. A. and McClean, Deirdre and Kelly, David J. and Donohue, Ian and Jackson, Andrew L. and Cooper, Natalie},
	title = {Ecology and mode-of-life explain lifespan variation in birds and mammals},
	volume = {281},
	number = {1784},
	year = {2014},
	doi = {10.1098/rspb.2014.0298},
	publisher = {The Royal Society},
	abstract = {Maximum lifespan in birds and mammals varies strongly with body mass such that large species tend to live longer than smaller species. However, many species live far longer than expected given their body mass. This may reflect interspecific variation in extrinsic mortality, as life-history theory predicts investment in long-term survival is under positive selection when extrinsic mortality is reduced. Here, we investigate how multiple ecological and mode-of-life traits that should reduce extrinsic mortality (including volancy (flight capability), activity period, foraging environment and fossoriality), simultaneously influence lifespan across endotherms. Using novel phylogenetic comparative analyses and to our knowledge, the most species analysed to date (n = 1368), we show that, over and above the effect of body mass, the most important factor enabling longer lifespan is the ability to fly. Within volant species, lifespan depended upon when (day, night, dusk or dawn), but not where (in the air, in trees or on the ground), species are active. However, the opposite was true for non-volant species, where lifespan correlated positively with both arboreality and fossoriality. Our results highlight that when studying the molecular basis behind cellular processes such as those underlying lifespan, it is important to consider the ecological selection pressures that shaped them over evolutionary time.},
	isbn = {1471-2954},
	issn = {0962-8452},
	journal = {Proceedings of the Royal Society of London B: Biological Sciences}
}

@article{Wood01032013,
	author = {Wood, Hannah Marie and Matzke, Nicholas J. and Gillespie, Rosemary G. and Griswold, Charles E.}, 
	title = {Treating Fossils as Terminal Taxa in Divergence Time Estimation Reveals Ancient Vicariance Patterns in the Palpimanoid Spiders},
	volume = {62}, 
	number = {2}, 
	pages = {264-284}, 
	year = {2013}, 
	doi = {10.1093/sysbio/sys092}, 
	journal = {Systematic Biology} 
}

@article{Arcila2015131,
title = "An evaluation of fossil tip-dating versus node-age calibrations in tetraodontiform fishes (Teleostei: Percomorphaceae) ",
journal = "Molecular Phylogenetics and Evolution ",
volume = "82, Part A",
number = "0",
pages = "131 - 145",
year = "2015",
note = "",
issn = "1055-7903",
doi = "http://dx.doi.org/10.1016/j.ympev.2014.10.011",
url = "http://www.sciencedirect.com/science/article/pii/S1055790314003625",
author = "Dahiana Arcila and R. Alexander Pyron and James C. Tyler and Guillermo Ortí and Ricardo Betancur-R.",
}

